=LDR  00376nz  a2200133n  4500
=001  2647739
=005  19930727080850.2
=008  930727n|\acannaab\\\\\\\\\\\|n\aaa\\\\\\
=010  \\$an  93071287 
=035  \\$a(DLC)n  93071287
=040  \\$aDLC$cDLC
=100  10$aMcCloud, Scott,$d1960-
=670  \\$aUnderstanding comics, 1993:$bCIP t.p. verso (Scott McCloud) CIP data sheet (b. 1960)
=953  \\$alg02

